<record><leader>00000cas a22000007a 4500</leader><controlfield tag="001">12368473</controlfield><controlfield tag="008">850809d19251933pauwr ne      0    0eng d</controlfield><datafield ind1=" " ind2=" " tag="010"><subfield code="a">sn 85054774 </subfield></datafield><datafield ind1=" " ind2=" " tag="040"><subfield code="a">PLF</subfield><subfield code="b">eng</subfield><subfield code="c">PLF</subfield><subfield code="d">NPH</subfield><subfield code="d">YOX</subfield><subfield code="d">MGN</subfield><subfield code="d">OCLCQ</subfield><subfield code="d">OCLCF</subfield><subfield code="d">OCLCO</subfield></datafield><datafield ind1="1" ind2=" " tag="029"><subfield code="a">AU@</subfield><subfield code="b">000024688386</subfield></datafield><datafield ind1=" " ind2=" " tag="042"><subfield code="a">msc</subfield></datafield><datafield ind1=" " ind2=" " tag="043"><subfield code="a">n-us-pa</subfield></datafield><datafield ind1="0" ind2=" " tag="130"><subfield code="a">Philadelphia Jewish times (Philadelphia, Pa. : 1925)</subfield></datafield><datafield ind1="1" ind2="4" tag="245"><subfield code="a">The Philadelphia Jewish times.</subfield></datafield><datafield ind1="1" ind2="7" tag="246"><subfield code="a">Jewish times</subfield></datafield><datafield ind1=" " ind2=" " tag="260"><subfield code="a">Philadelphia, Pa. :</subfield><subfield code="b">Philadelphia Jewish Times Pub Co.</subfield></datafield><datafield ind1=" " ind2=" " tag="300"><subfield code="a">v. :</subfield><subfield code="b">ill.</subfield></datafield><datafield ind1=" " ind2=" " tag="310"><subfield code="a">Weekly</subfield></datafield><datafield ind1="0" ind2=" " tag="362"><subfield code="a">Vol. 1, no. 1 (May 1, 1925)-v. 16, no. 4 (May 19, 1933).</subfield></datafield><datafield ind1=" " ind2=" " tag="500"><subfield code="a">Has occasional special editions.</subfield></datafield><datafield ind1=" " ind2="0" tag="650"><subfield code="a">Jewish newspapers</subfield><subfield code="z">Pennsylvania</subfield><subfield code="z">Philadelphia.</subfield></datafield><datafield ind1=" " ind2="7" tag="650"><subfield code="a">Jewish newspapers.</subfield><subfield code="2">fast</subfield><subfield code="0">(OCoLC)fst00982872</subfield></datafield><datafield ind1=" " ind2="7" tag="651"><subfield code="a">Pennsylvania</subfield><subfield code="z">Philadelphia.</subfield><subfield code="2">fast</subfield><subfield code="0">(OCoLC)fst01204170</subfield></datafield><datafield ind1=" " ind2=" " tag="752"><subfield code="a">United States</subfield><subfield code="b">Pennsylvania</subfield><subfield code="c">Philadelphia</subfield><subfield code="d">Philadelphia.</subfield></datafield><datafield ind1="0" ind2="0" tag="785"><subfield code="t">Jewish times (Philadelphia, Pa. : 1933)</subfield><subfield code="w">(DLC)sn 85054775</subfield><subfield code="w">(OCoLC)12368497</subfield></datafield></record>